@software{vulkan,
  author = {{Khronos Group}},
  title = {Vulkan},
  year = {2016},
  address = {USA},
  publisher = {Khronos Group},
  version = {1.2}
}

@online{core_guidelines,
  author = {Stroustrup,Bjarne and Sutter,Herb},
  title = {C++ Core Guidelines},
  year = {2020},
  address = {USA},
  publisher = {isocpp},
  url = {https://isocpp.github.io/CppCoreGuidelines/CppCoreGuidelines},
  urldate = {17 August 2020},
  version = {1.0}
}

@online{style_guide,
  author = {{Google}},
  title = {Google C++ Style Guide},
  year = {2020},
  address = {USA},
  publisher = {Google},
  url = {https://google.github.io/styleguide/cppguide.html},
  urldate = {17 August 2020},
  version = {1.0}
}

@software{opengl,
  author = {{Silicon Graphics}},
  title = {OpenGL},
  year = {1992},
  address = {USA},
  publisher = {Khronos Group},
  version = {4.6}
}

@software{anvil,
  author = {{AMD}},
  title = {Anvil},
  year = {2016},
  address = {USA},
  publisher = {AMD},
  version = {1.0}
}

@software{glove,
  author = {{Think Silicon}},
  title = {GLOVE},
  year = {2016},
  address = {USA},
  publisher = {Think Silicon},
  version = {1.0}
}

@software{moltenvk,
  author = {{Khronos Group}},
  title = {MoltenVK},
  year = {2016},
  address = {USA},
  publisher = {Khronos Group},
  version = {1.0.38}
}

@software{cryengine,
  author = {{Crytek}},
  title = {CryEngine},
  year = {2002},
  address = {Frankfurt},
  publisher = {Crytek},
  version = {5.6.6}
}

@software{source,
  author = {{Valve}},
  title = {Source},
  year = {2004},
  address = {Bellevue},
  publisher = {Valve},
  version = {1.0}
}

@software{unity,
  author = {{Unity Technologies}},
  title = {Unity},
  year = {2005},
  address = {San Francisco},
  publisher = {Unity Technologies},
  version = {2020.1.2}
}

@software{ue4,
  author = {{Epic Games}},
  title = {Unreal Engine},
  year = {1998},
  address = {Cary,NC},
  publisher = {Epic Games},
  version = {4.25}
}

@online{personalinquiry,
  author = {Crotty,Eimear},
  title = {Programs for benchmarking multithreaded Vulkan and OpenGL applications},
  year = {2020},
  address = {Bournemouth},
  publisher = {GitHub},
  url = {https://github.com/eimearc/vulkan},
  urldate = {10 August 2020},
  version = {1.0}
}

@online{gamasutra,
  author = {Frykholm,Niklas},
  title = {In-depth: Sensible error handling, part 1},
  year = {2012},
  address = {USA},
  publisher = {Gamasutra},
  url = {https://www.gamasutra.com/view/news/129438/Indepth_Sensible_error_handling_part_1.php},
  urldate = {14 August 2020},
}

@online{renderdoc,
  author = {Karlsson,Baldur},
  title = {Brief guide to Vulkan layers},
  year = {2018},
  publisher = {Karlsson,Baldur},
  url = {https://renderdoc.org/vulkan-layer-guide.html},
  urldate = {9 August 2020},
  address = {USA}
}

@book{vulkanbook,
  author = {Sellers, Graham},
  title = {Vulkan Programming Guide},
  year = {2016},
  isbn = {9780134464701},
  publisher = {Addison-Wesley Professional},
  address = {USA},
  edition = {1st}
}

@online{sascha,
  author = {Willems,Sascha},
  title = {Examples and demos for the new Vulkan API},
  year = {2015},
  publisher = {GitHub},
  url = {https://github.com/SaschaWillems/Vulkan},
  urldate = {13 August 2020},
  address = {USA}
}

@online{vulkantutorial,
  author = {Overvoorde,Alexander},
  title = {Vulkan Tutorial},
  year = {2020},
  url = {https://vulkan-tutorial.com/},
  urldate = {1 August 2020},
  address = {USA}
}

@online{arm,
  author = {ARM},
  title = {Vulkan Tutorial},
  year = {2020},
  url = {https://arm-software.github.io/vulkan-sdk/vulkan_intro.html},
  urldate = {3 July 2020},
  address = {USA}
}

@online{vulkan_guide,
  author = {{Khronos Group}},
  title = {Vulkan Guide},
  year = {2016},
  url = {https://github.com/KhronosGroup/Vulkan-Guide/blob/master/chapters/what_is_vulkan.md},
  urldate = {20 July 2020},
  address = {USA}
}

@online{reference_guide,
  author = {{Khronos Group}},
  title = {Vulkan Reference Guide},
  year = {2016},
  url = {https://www.khronos.org/files/vulkan11-reference-guide.pdf},
  urldate = {17 August 2020},
  address = {USA}
}

@online{contracts,
  author = {Dos Reis,G. and Garcia,J.D. and Lakos,J. and Meredith,A. and Myers,N. and Stroustrup,B.},
  title = {Support for contract based programming in C++},
  year = {2018},
  url = {http://www.open-std.org/jtc1/sc22/wg21/docs/papers/2018/p0542r5.html},
  urldate = {17 August 2020},
  address = {USA}
}

@book{gameEngineBook,
  author = {Gregory, Jason},
  title = {Game Engine Architecture, Second Edition},
  year = {2014},
  isbn = {1466560010},
  publisher = {A. K. Peters, Ltd.},
  address = {USA},
  edition = {2nd}
}

@software{vez,
  author = {{AMD}},
  title = {V-EZ},
  year = {2018},
  publisher = {AMD},
  version = {1.1},
  address = {USA}
}

@software{bazel,
  author = {{Google}},
  title = {Bazel},
  year = {2015},
  publisher = {Google},
  version = {3.1.0},
  address = {Mountain View}
}